[gd_scene load_steps=8 format=2]

[ext_resource path="res://assets/theme/theme.tres" type="Theme" id=1]
[ext_resource path="res://assets/cutscenes/beep_home2.png" type="Texture" id=2]
[ext_resource path="res://assets/paper/paper.tres" type="Texture" id=3]
[ext_resource path="res://assets/cutscenes/beep_home1.png" type="Texture" id=4]
[ext_resource path="res://assets/cutscenes/beep_home3.png" type="Texture" id=5]
[ext_resource path="res://cutscenes/Credits.gd" type="Script" id=6]
[ext_resource path="res://menus/MovingPaper.tscn" type="PackedScene" id=7]

[node name="Cutscene4" type="Control"]
anchor_right = 1.0
anchor_bottom = 5.0
theme = ExtResource( 1 )
script = ExtResource( 6 )
__meta__ = {
"_edit_use_anchors_": true
}
positions = [ Vector2( 0, 0 ), Vector2( 0, 600 ), Vector2( 0, 1200 ), Vector2( 0, 1800 ) ]

[node name="TextureRect" type="TextureRect" parent="."]
anchor_right = 1.0
anchor_bottom = 1.0
texture = ExtResource( 3 )
expand = true
stretch_mode = 2
__meta__ = {
"_edit_use_anchors_": false
}

[node name="Credits" type="Control" parent="."]
anchor_right = 1.0
anchor_bottom = 1.0
__meta__ = {
"_edit_use_anchors_": false
}

[node name="Label" type="Label" parent="Credits"]
margin_top = 40.0
margin_right = 356.0
margin_bottom = 141.0
text = "IMAGE 1"
__meta__ = {
"_edit_use_anchors_": false
}

[node name="Label2" type="Label" parent="Credits"]
margin_top = 640.0
margin_right = 323.0
margin_bottom = 741.0
text = "IMAGE 2"

[node name="Label3" type="Label" parent="Credits"]
margin_top = 1240.0
margin_right = 335.0
margin_bottom = 1341.0
text = "IMAGE 3"
__meta__ = {
"_edit_use_anchors_": false
}

[node name="Label5" type="Label" parent="Credits"]
margin_top = 1816.0
margin_right = 1024.0
margin_bottom = 1917.0
text = "Thanks for playing!"
align = 1
__meta__ = {
"_edit_use_anchors_": false
}

[node name="Label6" type="Label" parent="Credits"]
visible = false
margin_top = 2200.0
margin_right = 1024.0
margin_bottom = 2301.0
text = "Press any key to continue"
align = 1
__meta__ = {
"_edit_use_anchors_": false
}

[node name="TextureRect" type="TextureRect" parent="Credits"]
margin_right = 1024.0
margin_bottom = 600.0
texture = ExtResource( 4 )
expand = true

[node name="TextureRect2" type="TextureRect" parent="Credits"]
margin_top = 600.0
margin_right = 1024.0
margin_bottom = 1200.0
texture = ExtResource( 2 )
expand = true

[node name="TextureRect3" type="TextureRect" parent="Credits"]
margin_top = 1200.0
margin_right = 1024.0
margin_bottom = 1800.0
texture = ExtResource( 5 )
expand = true

[node name="Camera" type="Camera2D" parent="."]
anchor_mode = 0
current = true
smoothing_enabled = true
smoothing_speed = 4.0
drag_margin_left = 0.0
drag_margin_top = 0.0
drag_margin_right = 0.0
drag_margin_bottom = 0.0

[node name="StillTimer" type="Timer" parent="."]
wait_time = 15.518
autostart = true

[node name="CanvasLayer" type="CanvasLayer" parent="."]

[node name="MovingPaper" parent="CanvasLayer" instance=ExtResource( 7 )]

[node name="CameraMaxPos" type="Position2D" parent="."]
position = Vector2( 0, 1824 )

[node name="ContinueTimer" type="Timer" parent="."]
wait_time = 5.926
one_shot = true

[connection signal="timeout" from="StillTimer" to="." method="_on_StillTimer_timeout"]
[connection signal="timeout" from="ContinueTimer" to="." method="_on_ContinueTimer_timeout"]
